@Manual{R-base,
  title = {R: A Language and Environment for Statistical Computing},
  author = {{R Core Team}},
  organization = {R Foundation for Statistical Computing},
  address = {Vienna, Austria},
  year = {2021},
  url = {https://www.R-project.org/},
}

@Manual{R-studio, 
	title = {RStudio: Integrated Development Environment for R}, 
	author = {{RStudio Team}}, 
	organization = {RStudio, PBC.}, 
	address = {Boston, MA}, year = {2020}, 
	url = {http://www.rstudio.com/}, 
}

@Manual{R-bayestestR,
  title = {bayestestR: Understand and Describe Bayesian Models and Posterior
Distributions},
  author = {Dominique Makowski and Daniel Lüdecke and Mattan S. Ben-Shachar and Michael D. Wilson},
  year = {2021},
  note = {R package version 0.8.3.1},
  url = {https://easystats.github.io/bayestestR/},
}

@Manual{R-cowplot,
  title = {cowplot: Streamlined Plot Theme and Plot Annotations for ggplot2},
  author = {Claus O. Wilke},
  year = {2020},
  note = {R package version 1.1.1},
  url = {https://wilkelab.org/cowplot/},
}

@Manual{R-easystats,
  title = {easystats: Jump in the easyverse},
  author = {Daniel Lüdecke and Dominique Makowski},
  year = {2021},
  note = {R package version 0.2.0},
  url = {https://github.com/easystats/easystats},
}

@Manual{R-effects,
  title = {effects: Effect Displays for Linear, Generalized Linear, and Other Models},
  author = {John Fox and Sanford Weisberg and Brad Price and Michael Friendly and Jangman Hong},
  year = {2020},
  note = {R package version 4.2-0},
  url = {https://CRAN.R-project.org/package=effects},
}

@Manual{R-ggeffects,
  title = {ggeffects: Create Tidy Data Frames of Marginal Effects for ggplot from
Model Outputs},
  author = {Daniel Lüdecke},
  year = {2020},
  note = {R package version 1.0.1},
  url = {https://strengejacke.github.io/ggeffects/},
}

@Manual{R-ggmap,
  title = {ggmap: Spatial Visualization with ggplot2},
  author = {David Kahle and Hadley Wickham and Scott Jackson},
  year = {2019},
  note = {R package version 3.0.0},
  url = {https://github.com/dkahle/ggmap},
}

@Manual{R-ggplot2,
  title = {ggplot2: Create Elegant Data Visualisations Using the Grammar of Graphics},
  author = {Hadley Wickham and Winston Chang and Lionel Henry and Thomas Lin Pedersen and Kohske Takahashi and Claus Wilke and Kara Woo and Hiroaki Yutani and Dewey Dunnington},
  year = {2020},
  note = {R package version 3.3.3},
  url = {https://CRAN.R-project.org/package=ggplot2},
}

@Manual{R-knitr,
  title = {knitr: A General-Purpose Package for Dynamic Report Generation in R},
  author = {Yihui Xie},
  year = {2021},
  note = {R package version 1.31},
  url = {https://yihui.org/knitr/},
}

@Manual{R-lme4,
  title = {lme4: Linear Mixed-Effects Models using Eigen and S4},
  author = {Douglas Bates and Martin Maechler and Ben Bolker and Steven Walker},
  year = {2020},
  note = {R package version 1.1-26},
  url = {https://github.com/lme4/lme4/},
}

@Manual{R-lubridate,
  title = {lubridate: Make Dealing with Dates a Little Easier},
  author = {Vitalie Spinu and Garrett Grolemund and Hadley Wickham},
  year = {2021},
  note = {R package version 1.7.10},
  url = {https://CRAN.R-project.org/package=lubridate},
}

@Manual{R-magick,
  title = {magick: Advanced Graphics and Image-Processing in R},
  author = {Jeroen Ooms},
  year = {2021},
  note = {R package version 2.7.0},
  url = {https://CRAN.R-project.org/package=magick},
}

@Manual{R-maps,
  title = {maps: Draw Geographical Maps},
  author = {Ray Brownrigg},
  year = {2018},
  note = {R package version 3.3.0},
  url = {https://CRAN.R-project.org/package=maps},
}

@Manual{R-overlap,
  title = {overlap: Estimates of Coefficient of Overlapping for Animal Activity
Patterns},
  author = {Mike Meredith and Martin Ridout},
  year = {2020},
  note = {R package version 0.3.3},
  url = {https://CRAN.R-project.org/package=overlap},
}

@Manual{R-parameters,
  title = {parameters: Processing of Model Parameters},
  author = {Daniel Lüdecke and Dominique Makowski and Mattan S. Ben-Shachar and Indrajeet Patil and Søren Højsgaard},
  year = {2021},
  note = {R package version 0.12.0.1},
  url = {https://easystats.github.io/parameters/},
}

@Manual{R-performance,
  title = {performance: Assessment of Regression Models Performance},
  author = {Daniel Lüdecke and Dominique Makowski and Philip Waggoner and Indrajeet Patil and Mattan S. Ben-Shachar},
  year = {2021},
  note = {R package version 0.7.0.1},
  url = {https://easystats.github.io/performance/},
}

@Manual{R-report,
  title = {report: Automated Reporting of Objects in R},
  author = {Dominique Makowski and Daniel Lüdecke and Mattan S. Ben-Shachar},
  year = {2021},
  note = {R package version 0.2.0},
  url = {https://easystats.github.io/report/},
}

@Manual{R-see,
  title = {see: Visualisation Toolbox for easystats and Extra Geoms, Themes
and Color Palettes for ggplot2},
  author = {Daniel Lüdecke and Dominique Makowski and Philip Waggoner and Mattan S. Ben-Shachar and Indrajeet Patil},
  year = {2021},
  note = {R package version 0.6.2.1},
  url = {https://easystats.github.io/see/},
}

@Manual{R-sf,
  title = {sf: Simple Features for R},
  author = {Edzer Pebesma},
  year = {2021},
  note = {https://r-spatial.github.io/sf/, https://github.com/r-spatial/sf/},
}

@Manual{R-sjPlot,
  title = {sjPlot: Data Visualization for Statistics in Social Science},
  author = {Daniel Lüdecke},
  year = {2021},
  note = {R package version 2.8.7},
  url = {https://strengejacke.github.io/sjPlot/},
}

@Manual{R-tidyverse,
  title = {tidyverse: Easily Install and Load the Tidyverse},
  author = {Hadley Wickham},
  year = {2019},
  note = {R package version 1.3.0},
  url = {https://CRAN.R-project.org/package=tidyverse},
}

@Manual{R-tmap,
  title = {tmap: Thematic Maps},
  author = {Martijn Tennekes},
  year = {2021},
  note = {R package version 3.3},
  url = {https://github.com/mtennekes/tmap},
}

@Manual{R-xtable,
  title = {xtable: Export Tables to LaTeX or HTML},
  author = {David B. Dahl and David Scott and Charles Roosen and Arni Magnusson and Jonathan Swinton},
  year = {2019},
  note = {R package version 1.8-4},
  url = {http://xtable.r-forge.r-project.org/},
}

@Article{bayestesttitle = {bayestestR: Describing Effects and their Uncertainty, Existence and Significance within the Bayesian Framework.},
  author = {Dominique Makowski and Mattan S. Ben-Shachar and Daniel Lüdecke},
  journal = {Journal of Open Source Software},
  doi = {10.21105/joss.01541},
  year = {2019},
  number = {40},
  volume = {4},
  pages = {1541},
  url = {https://joss.theoj.org/papers/10.21105/joss.01541},
}

@Article{easystats2020,
  title = {The easystats collection of R packages.},
  author = {Dominique Makowski and Mattan S. Ben-Shachar and Daniel Lüdecke},
  journal = {GitHub},
  year = {2020},
  url = {https://github.com/easystats/easystats},
}

@Book{effectstitle = {An R Companion to Applied Regression},
  edition = {3rd},
  author = {John Fox and Sanford Weisberg},
  year = {2019},
  publisher = {Sage},
  address = {Thousand Oaks CA},
  url = {https://socialsciences.mcmaster.ca/jfox/Books/Companion/index.html},
}

@Article{effects2018,
g Fit and Lack of Fit in Complex Regression Models with Predictor Effect Plots and Partial Residuals},
87},

  pages = {1--27},
jss.v087.i09},
rg/article/view/v087i09},
 {R} for Generalised Linear Models},
are},
 = {15},
},
ww.jstatsoft.org/article/view/v008i15},
ct Displays in {R} for Multinomial and Proportional-Odds Logit Models: Extensions to the {effects} Package},


  pages = {1--24},
ww.jstatsoft.org/article/view/v032i01},
 Tidy Data Frames of Marginal Effects from Regression Models.},
  volume = {3},
  doi = {10.21105/joss.00772},
  number = {26},
  journal = {Journal of Open Source Software},
  author = {Daniel Lüdecke},
  year = {2018},
  pages = {772},
}

@Article{ggmap,
  author = {David Kahle and Hadley Wickham},
  title = {ggmap: Spatial Visualization with ggplot2},
  journal = {The R Journal},
  year = {2013},
  volume = {5},
  number = {1},
  pages = {144--161},
  url = {httpjournal.r-project.org/archive/2013-1/kahle-wickham.pdf},
}

@Book{ggplot2,
  author = {Hadley Wickham},
  title = {ggplot2: Elegant Graphics for Data Analysis},
  publisher = {Springer-Verlag New York},
  year = {2016},
  isbn = {978-3-319-24277-4},
  url = {https://ggplot2.tidyverse.org},
}
                  ok{knitr,
  title = {Dynamic Documents with {R} and knitr},
  author = {Yihui Xie},
  publisher = {Chapman and Hall/CRC},
  address = {Boca Raton, Florida},
  year = {2015},
  edition = {2nd},
  note = {ISBN 978-1498716963},
  url = {https://yihui.org/knitr/},
}
                Collection{knitr2014,
  booktitle = {Implementing Reproducible Computational Research},
  editor = {Victoria Stodden and Friedrich Leisch and Roger D. Peng},
  title = {knitr: A Comprehensive Tool for Reproducible Research in {R}},
  author = {Yihui Xie},
  publisher = {Chapman and Hall/CRC},
  year = {2014},
  note = {ISBN 978-1466561595},
  url = {http://www.crcpress.com/product/isbn/9781466561595},
}                  rticle{lme4,
  title = {Fitting Linear Mixed-Effects Models Using {lme4}},
  author = {Douglas Bates and Martin M{\"a}chler and Ben Bolker and Steve Walker},
  journal = {Journal of Statistical Software},
  year = {2015},
  volume = {67},
  number = {1},
  pages = {1--48},
  doi = {10.18637/jss.v067.i01},
}                   rticle{lubridate,
  title = {Dates and Times Made Easy with {lubridate}},
  author = {Garrett Grolemund and Hadley Wickham},
  journal = {Journal of Statistical Software},
  year = {2011},
  volume = {40},
  number = {3},
  pages = {1--25},
  url = {https:w.jstatsoft.org/v40/i03/},
}

@Article{overlap,
  title = {Estimating overlap of daily activity patterns from camera trap data},
  author = {Martin Ridout and Matthew Linkie},
  journal = {Journal of Agricultural, Biological, and Environmental Statistics},
  year = {2009},
  volume = {14},
  number = {  pages = {322--337},
}

@Article{parameters,
  title = {parameters: Extracting, Computing and Exploring the Parameters of Statistical Models using {R}.},
  volume = {5},
  doi = {10.21105/joss.02445},
  number = {53},
  journal = {Journal of Open Source Software},
  author = iel Lüdecke and Mattan S. Ben-Shachar and Indrajeet Patil and Dominique Makowski},
  year = {2020},
  pages = {2445},
}

@Article{performance,
  title = {performance: Assessment of Regression Models Performance},
  author = {Daniel Lüdecke and Dominique Makowski and Philip Waggoner and Indrajeet Patil},
  journal = {CRAN},
  year = {2020},
  note = {R package},
  doi = {10.5281/zenodo.3952174},
  url = {https://etats.github.io/performance/},
}

@Article{report,
  title = {Automated reporting as a practical tool to improve reproducibility and methodological best practices adoption},
  author = {{Makowski} and {Dominique} and {Lüdecke} and {Daniel} and {Ben-Shachar} and Mattan S.},
  journal = {CRAN},
  year = {2020},
  note = {R package},
  url = {https://github.com/easystats/report},
}
             ticle{see,
  title = {see: Visualisation Toolbox for 'easystats' and Extra Geoms, Themes and Color Palettes for 'ggplot2'},
  author = {Daniel Lüdecke and Mattan S. Ben-Shachar and Philip Waggoner and Dominique Makowski},
  journal = {CRAN},
  year = {2020},
  note = {R package},
  doi = {10.5281/zenodo.3952153},
  url = {https://easystats.github.io/see/},
}

@Article{sf,
  author = {Edzer Pebesma},
  title = {{Simple Features for R: Standardized Support for Spatial Vector Data}},
  year = {2018},
  journal = {{The R Journal}},
  doi = {10.32614/RJ-2018-009},
  url = {https://doi.org/10.32614/RJ-2018-009},
  pages = {439--446},
  volume = {10},
  number = {1},
}

@Article{tidyverse,
  title = {Welcome to the {tidyverse}},
  author = {Hadley Wickham and Mara Averick and Jennifer Bryan and Winston Chang and Lucy D'Agostino McGowan and Romain François and Garrett Grolemund and Alex Hayes and Lionel Henry and Jim Hester and Max Kuhn and Thomas Lin Pedersen and Evan Miller and Stephan Milton Bache and Kirill Müller and Jeroen Ooms and David Robinson and Dana Paige Seidel and Vitalie Spinu and Kohske Takahashi and Davis Vaughan and Claus Wilke and Kara Woo and Hiroaki Yutani},
  year = {2019},
  journal = {Journal of Open Source Software},
  volume = {4},
  number = {43},
  pages = {1686},
  doi = {10.21105/joss.01686},
}

@Article{tmap,
  title = {{tmap}: Thematic Maps in {R}},
  author = {Martijn Tennekes},
  journal = {Journal of Statistical Software},
  year = {2018},
  volume = {84},
  number = {6},
  pages = {1--39},
  doi = {10.18637/jss.v084.i06},
}

