@Manual{,
title = {R: A Language and Environment for Statistical Computing},
author = {{R Core Team}},
organization = {R Foundation for Statistical Computing},
address = {Vienna, Austria},
year = {2020},
url = {https://www.R-project.org/},
}
@Manual{,
title = {RStudio: Integrated Development Environment for R},
author = {{RStudio Team}},
organization = {RStudio, PBC},
address = {Boston, MA},
year = {2020},
url = {http://www.rstudio.com/},
}



@Article{,
title = {Welcome to the {tidyverse}},
author = {Hadley Wickham and Mara Averick and Jennifer Bryan and Winston Chang and Lucy D'Agostino McGowan and Romain François and Garrett Grolemund and Alex Hayes and Lionel Henry and Jim Hester and Max Kuhn and Thomas Lin Pedersen and Evan Miller and Stephan Milton Bache and Kirill Müller and Jeroen Ooms and David Robinson and Dana Paige Seidel and Vitalie Spinu and Kohske Takahashi and Davis Vaughan and Claus Wilke and Kara Woo and Hiroaki Yutani},
year = {2019},
journal = {Journal of Open Source Software},
volume = {4},
number = {43},
pages = {1686},
doi = {10.21105/joss.01686},
 }
@Article{,
title = {Dates and Times Made Easy with {lubridate}},
author = {Garrett Grolemund and Hadley Wickham},
journal = {Journal of Statistical Software},
year = {2011},
volume = {40},
number = {3},
pages = {1--25},
url = {https://www.jstatsoft.org/v40/i03/},
}
@Article{,
title = {Estimating overlap of daily activity patterns from camera trap data},
author = {Martin Ridout and Matthew Linkie},
journal = {Journal of Agricultural, Biological, and Environmental Statistics},
year = {2009},
volume = {14},
number = {3},
pages = {322--337},
}
@Manual{survival-package,
title = {A Package for Survival Analysis in R},
author = {Terry M Therneau},
year = {2020},
note = {R package version 3.2-7},
url = {https://CRAN.R-project.org/package=survival},
}
@Manual{,
title = {survminer: Drawing Survival Curves using 'ggplot2'},
author = {Alboukadel Kassambara and Marcin Kosinski and Przemyslaw Biecek},
year = {2020},
note = {R package version 0.4.8},
url = {https://CRAN.R-project.org/package=survminer},
}
























 